@Book{shapiro2001computer,
 author = {Shapiro, Linda},
 title = {Computer vision},
 publisher = {Prentice Hall},
 year = {2001},
 address = {Upper Saddle River, NJ},
 isbn = {0130307963}
 }
@Book{morris2004computer,
 author = {Morris, Tim},
 title = {Computer vision and image processing},
 publisher = {Palgrave Macmillan},
 year = {2004},
 address = {Basingstoke},
 isbn = {0333994515}
 }
@Book{sonka2008image,
 author = {Sonka, Milan},
 title = {Image processing, analysis, and machine vision},
 publisher = {Thompson Learning},
 year = {2008},
 address = {Toronto},
 isbn = {049508252X}
 }
@article{DBLP:journals/corr/RussakovskyDSKSMHKKBBF14,
  author    = {Olga Russakovsky and
               Jia Deng and
               Hao Su and
               Jonathan Krause and
               Sanjeev Satheesh and
               Sean Ma and
               Zhiheng Huang and
               Andrej Karpathy and
               Aditya Khosla and
               Michael S. Bernstein and
               Alexander C. Berg and
               Fei{-}Fei Li},
  title     = {ImageNet Large Scale Visual Recognition Challenge},
  journal   = {CoRR},
  volume    = {abs/1409.0575},
  year      = {2014},
  url       = {http://arxiv.org/abs/1409.0575},
  timestamp = {Mon, 01 Jun 2015 08:26:31 +0200},
  biburl    = {http://dblp.uni-trier.de/rec/bib/journals/corr/RussakovskyDSKSMHKKBBF14},
  bibsource = {dblp computer science bibliography, http://dblp.org}
}
@article{bourland1988,
year={1988},
issn={0340-1200},
journal={Biological Cybernetics},
volume={59},
number={4-5},
doi={10.1007/BF00332918},
title={Auto-association by multilayer perceptrons and singular value decomposition},
url={http://dx.doi.org/10.1007/BF00332918},
publisher={Springer-Verlag},
author={Bourlard, H. and Kamp, Y.},
pages={291-294},
language={English}
}
